@STRING(PRL="Phys. Rev. Lett.")
@STRING(RMP="Rev. Mod. Phys.")

@ARTICLE{Debashish,
   AUTHOR="Debashish Chowdhury",
   TITLE="Monte Carlo Simulation of Random Magnets",
   JOURNAL="Current Science",
   VOLUME="59",
   PAGES="456-459",
   number =       "9",
   YEAR="1990"
}

@ARTICLE{Cipra,
   AUTHOR="Barry A. Cipra",
   TITLE="An Introduction to the Ising Model",
   JOURNAL="The American Mathematical Monthly",
   VOLUME="94",
   PAGES="937-959",
   number =       "10",
   YEAR="1987"
}

@misc{ a,
       author = "Richard Fitzpatrick",
       title = "Computational Physics"
}

@misc{ b,
       author = "Tobin Fricke",
       title = "Monte Carlo investigation of the Ising model",
       year="2006"
}

@misc{ c,
       author = "Branislav K. NikoliÄ‡",
       title = "Monte Carlo Simulations in Statistical Physics: Magnetic PhaseTransitions in the Ising Model"
}

@book{ d,
       author = "Mark Newman",
       title = "Computational Physics"
}

